%RAGHUVANSHI QUANTUM FUZZY CIRCUITS
@article{raghuvanshiquantum,
  title={QUANTUM FUZZY CIRCUITS},
  author={Raghuvanshi, Arushi and Perkowski, Marek}
}
@inproceedings{RFWP2017,
  title={Quantum robots for teenagers},
  author={Raghuvanshi, Arushi and Fan, Yale and Woyke, Michal and Perkowski, Marek},
  booktitle={Multiple-Valued Logic, 2007. ISMVL 2007. 37th International Symposium on},
  pages={18--18},
  year={2007},
  organization={IEEE}
}
@inproceedings{avila2015fuzzy,
  title={Fuzzy Xor Classes from Quantum Computing},
  author={{\'A}vila, Anderson and Schmalfuss, Murilo and Reiser, Renata and Kreinovich, Vladik},
  booktitle={Artificial Intelligence and Soft Computing},
  pages={305--317},
  year={2015},
  organization={Springer}
}
@misc{Schmalfuss14,
  title={Projeto: ExPloreDGM},
  author={SCHMALFUSS, M. F.},
  year={2014},
  publisher={Universidade Federal de Pelotas}
}
@InProceedings{maron:2013:ccgrid,
  address	= {NY},
  author	= {A. K. Maron and R. H. S. Reiser and M. L. Pilla},
  booktitle	= {CCGRID 2013 IEEE/ACM International Symposium on Cluster,
		  Cloud and Grid Computing},
  pages		= {1--8},
  publisher	= {IEEE},
  title		= {Correlations from Conjugate and Dual Intuitionistic Fuzzy
		  Triangular Norms and Conorms},
  year		= {2013}
}
@book{olson1999logica,
  title={A l{\'o}gica da a{\c{c}}{\~a}o coletiva: os benef{\'\i}cios p{\'u}blicos e uma teoria dos grupos sociais},
  author={Olson, Mancur and Fernandez, F{\'a}bio},
  year={1999},
  publisher={Edusp}
}


@article {MVRA13,
	author	= {Maron, A. and Visintin, L. and Reiser, R. and Abeijon, A.},
	title	= {Fuzzy Computing from Quantum Computing - Case Study in Reichenbach Implication Class},
	journal	= {Mathware \& Soft Computing},
	publisher	= {Springer Netherlands},
	pages	=	{86--114},
	volume	= {20},
	year	= {2013},
}
@misc{courteille2014mecanica,
  title={Leitura em Mec{\^a}nica Qu{\^a}ntica Aplicada},
  author={Courteille, Ph W},
  year={2014},
  publisher={Universidade de S{\~a}o Carlos, S{\~a}o Paulo}
}
@article{biezuner2009notas,
  title={Notas de Aula: An{\'a}lise Funcional},
  author={BIEZUNER, Rodney Josu{\'e}},
  journal={Instituto de Ci{\^e}ncias Exatas-UFMG},
  year={2009}
}
@misc{portugal2004introduccaoa,
  title={Uma Introdução a Computação Quântica, vol. 8 das Notas em Matem{\'a}tica Aplicada},
  author={Portugal, Renato and Lavor, Carlile Campos and Carvalho, Luiz Mariano and Maculan, Nelson},
  year={2004},
  publisher={Sociedade Brasileira de Matem{\'a}tica Aplicada e Computacional (SBMAC), Sao Carlos, primeira edi{\c{c}}ao}
}
@book{steeb2011problems,
  title={Problems and solutions in quantum computing and quantum information},
  author={Steeb, Willi-Hans and Hardy, Yorick},
  year={2011},
  publisher={World Scientific Publishing Co Inc}
}

@book{imre2005quantum,
  title={Quantum Computing and Communications: an engineering approach},
  author={Imre, Sandor and Balazs, Ferenc},
  year={2005},
  publisher={John Wiley \& Sons}
}


@misc{loss,
  title={Postulados da Mecanica Quântica},
  author={Loss, A; loss, M},
  address={Disponível: http://mloos.eti.br/oldqt1/ccm/ccm1/c1p0.html},
  year={2010}
  note="Acesso em: 3 dez. 2016"
}


@inproceedings{MARON12b,
  title = {Quantum Processes: A New Interpretation for Quantum Transformations in the {VPE-qGM} Environment},
  author = {Maron, A., A. and Reiser, R. and Pilla, M. and Yamin, A.},
  booktitle = {CLEI 2012},
  publisher = {IEEE Computer Society - Conference Publishing Services},
  year = {2012},
  pages = {1-10}
}
@inproceedings{MARON10b,
  title = {Validação do Protótipo VPE-qGM: Modelagem e Simulação do Algoritmo de Grover},
  author = {Maron, A.; Reiser, R; Yamin, A.},
  booktitle = {ERAD 2010},
  publisher = {SBC/UCPEL/UPF/UNIJUI},
  year = {2010},
  pages = {261-264}
}
@monography{MARON10,
  title={Estendendo o VPE-qGM para Suporte a Simulações Paralelas/distribuidas},
  author={MARON, A. K.},
  adress={Pelotas, Rs},
  year={2010},
  school={Universidade Católica de Pelotas}
}


@article {MRPY13,
   author = {Maron, A. and  Reiser, R. and Pilla, M. and  Yamin, A.},
   title = {Expanding the VPE-qGM Environment Towards a Parallel Quantum Simulation of Quantum Processes Using GPUs},
   journal = {CLEI Electronic Journal},
   publisher = {Springer Netherlands},
   pages = {1--19},
   volume = {16},
   year = {2013}
}

@inproceedings{AVILA14a,
  author = {Avila, A. and Maron, A. and Reiser, R. and Pilla, M.},
  title  = {Simulação Distribuída de Algoritmos Quânticos via GPUs},
  booktitle = {Proc. of the XIII WSCAD-SSC},
  year      = {2014},
  pages     = {1-4}
}


@inproceedings{AVILA14,
  author = {Avila, A. and Schumalfuss, M. and Maron, A. and Reiser, R. and Pilla, M.},
  title  = {GPU-aware Distributed Quantum Simulation},
  booktitle = {Proceedings of 30th Symposium On Applied Computing},
  year      = {2014},
  pages     = {1-6}
}

@article {PJ93,
   author = {Pykacz, Jarosław},
   affiliation = {Institute of Mathematics University of Gdańsk PL 80-952 Gdańsk Poland},
   title = {Fuzzy quantum logic I},
   journal = {International Journal of Theoretical Physics},
   publisher = {Springer Netherlands},
   issn = {0020-7748},
   keyword = {Physics and Astronomy},
   pages = {1691-1708},
   volume = {32},
   year = {1993}
}
@inproceedings{raghuvanshi2010fuzzy,
  title={Fuzzy quantum circuits to model emotional behaviors of humanoid robots},
  author={Raghuvanshi, Arushi and Perkowski, Marek},
  booktitle={Evolutionary Computation (CEC), 2010 IEEE Congress on},
  pages={1--8},
  year={2010},
  organization={IEEE}
}


@article {PJ93,
   author = {Pykacz, Jarosław},
   affiliation = {Institute of Mathematics University of Gdańsk PL 80-952 Gdańsk Poland},
   title = {Fuzzy quantum logic I},
   journal = {International Journal of Theoretical Physics},
   publisher = {Springer Netherlands},
   issn = {0020-7748},
   keyword = {Physics and Astronomy},
   pages = {1691-1708},
   volume = {32},
   year = {1993}
}
@Article{maron07,
  title =   "qGM-Analyser: Ferramenta Computacional para An\'alise das Computa\c c\~oes Qu\^anticas obtidas no Modelo qGM.",
  author =  "A. K. MARON and Rafael Burlamaqui AMARAL and V. S. FONSECA and R. Reiser and E. Monteiro and  F. N. MUNHOZ",
  journal = "XXX CNMAC - Congresso Nacional de Matem\'atica Aplicada e Computacional, Florian\'opolis - SC",
  year =    "2007"
  }

@article{bacz00,
  title={Monotonic fuzzy implications},
  author={Baczy{\'n}ski, M. and Drewniak, J.},
  journal={Fuzzy Systems in Medicine, Physica-Verlag, Heidelberg,(Studies in Fuzzines and Soft Computing, Vol. 41)},
  pages={90--111},
  year={2000}
}

@ARTICLE{Sinha93,
  AUTHOR =       "D. Sinha and E. Dougherty",
  TITLE =        "Fuzzification of set inclusion: theory and application",
  JOURNAL =      "Fuzzy Sets and Systems",
  YEAR =         "1993",
  volume =       "55",
  pages =        "15--42",
}

@Article{CornelisDK03,
  title =	"Sinha-Dougherty approach to the fuzzification of set
		 inclusion revisited",
  author =	"Chris Cornelis and Carol Van der Donck and Etienne E. Kerre",
  journal =	"Fuzzy Sets and Systems",
  year = 	"2003",
  number =	"2",
  volume =	"134",
  bibdate =	"2003-04-29",
  pages =	"283--295",
  URL =  	"http://www.sciencedirect.com/science/article/B6V05-460828K-9/2/cdab22ee18165ebdb17b10942ae00362",
}

@Article{maron07,
  title =   "qGM-Analyser: Ferramenta Computacional para Análise das Computações Quânticas obtidas no Modelo qGM.",
  author =  "A. K. MARON and Rafael Burlamaqui AMARAL and V. S. FONSECA and R. Reiser and E. Monteiro and  F. N. MUNHOZ",
  journal = "XXX CNMAC - Congresso Nacional de Matemática Aplicada e Computacional, Florianópolis - SC",
  year =    "2007"
  }



@article{Igor05,
    author = {George F.Viamontes and John P.Hayes and Igor Markov},
    title = {Graph-based Simulation of Quantum Computation in the Density Matrix Representation},
    journal = {Informaçãoo Quântica e Computação},
    volume = {5},
    pages = {113-130},
    year = {2005},
    note =   {(dispon\'\i vel por WWW http://www.gigascale.org/pubs/884.html) (jun.2009)}
}


@Article{DiVincenzo95,
  author =	"DiVincenzo",
  title =	"Quantum Computation",
  journal =	"SCIENCE: Science",
  volume =	"270",
  year = 	"1995",
}

@Article{BenDiV00,
  author =	"Bennett and DiVincenzo",
  title =	"Quantum Information and Computation",
  journal =	"NATURE: Nature",
  volume =	"404",
  year = 	"2000",
}


@Misc{KOWADA05,
  title =	"Comments on quant-ph/0506137: Fast quantum search
		 algorithms by qubit comparisons exploiting global phase
		 interference",
   author =	"L. A. B. Kowada and C. M. H. de Figueiredo and R.
		 Portugal and C. C. Lavor",
  year = 	"2005",
  URL =  	"http://arxiv.org/abs/quant-ph/0507125",
}


@Misc{VLE09,
  title =	"Similarity between quantum logic and fuzzy logic",
  author =	"Vladik Kreinovich and Ladislav J. Kohout and Eunjin
		 Kim",
  year = 	"2009",
  URL =  	"http://www.cs.utep.edu/vladik/2008/tr08-10a.pdf",
}

@Article{DOM06,
  title =	"Fuzzy Propositional Logic Associated with Quantum
		 Computational Gates",
  author =	"Graciela Domenech and Hector Freytes",
  publisher =	"Kluwer Academic Publishers-Plenum Publishers",
  year = 	"2006",
  journal =	"International Journal of Theoretical Physics",
  number = "1",
  volume = "45",
  pages = "228--261",
}


@Book{IB-D943104,
  editor =	"S. G. Tzafestas and A. N. Venetsanopoulos",
  title =	"Fuzzy Reasoning in Information, Decision and Control Systems",
  publisher =	"Kluwer",
  address =	"Dordrecht",
  year = 	"1994",
  descriptor =	"Fuzzy System Neuronales Fuzzy-System",
}

@Book{Kaiquan03,
  author =	"Kaiquan Shi and Yuquan Cui",
  title =	"Both branch fuzzy decision and decision encryption authentication",
  publisher =	"Science in China",
  year = 	"2003",
}


@Article{gerla:2005a,
  author =	"Giangiacomo Gerla",
  title =	"Fuzzy Logic Programming and Fuzzy Control",
  journal =	"Studia Logica",
  year = 	"2005",
  volume =	"79",
  number =	"2",
  pages =	"231--254",
}


@Book{Sugeno1985a,
  editor =	"Michio Sugeno",
  booktitle =	"Industrial Applications of Fuzzy Control",
  title =	"Industrial Applications of Fuzzy Control",
  year = 	"1985",
  publisher =	"Elsevier Science Publishers",
  address =	"Amsterdam",
}


@Article{journals/ai/Ross07,
  title =	"Alexander Gegov, Complexity Management in Fuzzy
		 Systems, 2007, 368 pp. Hardcover: Studies in Fuzziness
		 and Soft Computing, Volume 211, {ISBN}-13
		 978-3-540-38883-8",
  author =	"Timothy J. Ross",
  journal =	"Artif. Intell",
  year = 	"2007",
  number =	"18",
  volume =	"171",
  bibdate =	"2008-02-03",
  pages =	"1114--1115",
 }


@Book{goo:ngu85,
  author =	"I. R. Goodman and H. T. Nguyen",
  title =	"Uncertainty Models for Knowledge-Based Systems",
  publisher =	"North-Holland",
  year = 	"1985",
  address =	"Amsterdam",
  annote =	"fuzzy",
}


@Book{DuPr2000.1,
  editor =	"Didier Dubois and Henri Prade",
  title =	"Fundamentals of Fuzzy Sets",
  year = 	"2000",
  publisher =	"Kluwer",
  address =	"Boston, Mass.",
  series =	"The Handbooks of Fuzzy Sets Series",
  keywords =	"RPDMP-SYNT, RPDMP-",
}


@InProceedings{Raghuvanshi07,
  title = "Quantum Robots for Teenagers",
  author = "A. Raghuvanshi and Y. Fan and M. Woyke, and M. Perkowski",
  year = "2007",
  booktitle = "Proceedings of the 37th International Symposium on Multiple-Valued Logic",
  pages = "13--16",
 }


@InProceedings{Raghuvanshi08,
  title = "Using Fuzzy Quantum Logic to learn facial gestures of a Schrödinger Cat puppet for robot theatre",
  author = "A. Raghuvanshi and M. Perkowski",
  year = "2008",
  booktitle = "Proceedings of  Read-Muller. Dallas Texas",
  }

@InProceedings{Raghuvanshi09,
  title =	"Fuzzy quantum circuits to model emotional behaviors of humanoid robots",
  author =	"Arushi Raghuvanshi and Marek A. Perkowski",
  publisher =	"IEEE",
  year = 	"2010",
  bibdate =	"2010-09-30",
  booktitle =	"IEEE Congress on Evolutionary Computation",
  crossref =	"conf/cec/2010",
  pages =	"1--8",
  URL =  	"http://dx.doi.org/10.1109/CEC.2010.5586038",
}


@BOOK{MCMAHON05,
  author    = {D. McMahon},
  title     = {Quantum Mechanics Demystified},
  publisher = {McGraw Hill},
  year      = {2000},
  address   = {Cambridge University Press}
}

@InProceedings{conf/cec/RaghuvanshiP10,
  title = "Fuzzy quantum circuits to model emotional behaviors of humanoid robots",
  author = "Arushi Raghuvanshi and Marek A. Perkowski",
  publisher = "IEEE",
  year = "2010",
  bibdate = "2010-09-30",
  booktitle = "IEEE Congress on Evolutionary Computation",
  pages = "1--8",
  URL =  "http://dx.doi.org/10.1109/CEC.2010.5586038",
}



@Article{DCG02,
  author  = {M. L. Dalla Chiara and R. Giuntini},
  title   = {Quantum Logics},
  journal = {Handbook of Philosophical Logic},
  volume  = {VI},
  pages   = {129--228},
  year    = {2002},
  publisher = {Kluwer},
  address = {Dordrecht}
}


@Misc{DCGLL02,
  title =	"Qubit semantics and quantum trees",
  note = 	"Comment: 10 pages, 2 figures",
  author =	"M. L. Dalla Chiara and R. Giuntini and R. Leporini and
		 A. Leporati",
  year = 	"2002",
  subject =	"Quantum Physics",
   howpublished    =  	"http://arxiv.org/abs/quant-ph/0211190",
}



@BOOK{MCMAHON05,
  author    = {D. McMahon},
  title     = {Quantum Mechanics Demystified},
  publisher = {McGraw Hill},
  year      = {2000},
  address   = {Cambridge University Press}
}


@misc{RAEDT06,
  title   = {Massive Parallel Quantum Computer Simulator},
  author  = {K. De Raedt and K. Michielsen and H. De Raedt and B. Trieu and G. Arnold and M. Richter and Th. Lippert and H. Watanabe and N. Ito},
  year    = {2006},
  publisher = {Quantum Physics},
  howpublished     = {http://arxiv.org/abs/quant-ph/0608239}
}

@Article{NIWA02,
  author  = {Jumpei Niwa and Keiji Matsumoto and Hiroshi Imai},
  title   = {General-Purpose Parallel Simulator for Quantum Computing},
  journal = {Lecture Notes in Computer Science},
  volume  = {2509},
  pages   = {230--249},
  year    = {2002}
}

@article{DEUTSCH85,
  author  = "D. Deutsch",
  title   = "Quantum theory, the Church-Turing principle and the universal quantum computer",
  journal = "Proceedings of the Royal Society of London Ser.~A",
  year    = "1985",
  volume  = "A400",
  pages   = "97--117",
}

@Book{IMRE05,
  author    = "Sandor Imre and Ferenc Balazs",
  title     = "Quantum Computing and Communications - an Engineering Approach",
  publisher = "John Wiley \& Sons",
  address   = "NJ",
  year      = "2005",
  pages     = "283",
  note      = "http://www.wiley.com/WileyCDA/WileyTitle/productCd-047086902X.html",
}

%%%%%%%%%%%%%%%%%% K %%%%%%%%%%%%%%%%%%%%
@BOOK{KAYE07,
  author    = "P. Kaye and R. Laflamme and M. Mosca",
  title     = "An Introduction to Quantum Computing",
  publisher = "Oxford University Press",
  year      = "2007",
}

@misc{KNILL02,
  author = "E.~H. Knill and M.~A. Nielsen",
  title  = "Theory of quantum computation",
  year   = "2002",
  note   = "http://www.citebase.org/abstract?id=oai:arXiv.org:quant-ph/0010057",
}

@misc{KNILL02a,
  title  =   "Introduction to Quantum Information Processing",
  author =  "E. Knill and R. Laflamme and H. Barnum and D. Dalvit and J. Dziarmaga and J. Gubernatis and L. Gurvits and G. Ortiz and L. Viola and W. H. Zurek",
  year   = "2002",
  note   = "http://arxiv.org/abs/quant-ph/0207171",
}

@misc{Calc02,
  title  =   "Quantum Information and Computation - Caltech-MIT-USC",
  author =  "E. Knill and R. Laflamme and H. Barnum and D. Dalvit and J. Dziarmaga and J. Gubernatis and L. Gurvits and G. Ortiz and L. Viola and W. H. Zurek",
  year   = "2002",
  note   = http://www.theory.caltech.edu/~quic/,
}

@book{Lee2005,
    author =    "K. H. Lee",
    title =     "First Course on Fuzzy Theory and Applications",
    publisher = "Springer",
    year =      "2005",
    address =   "Berlin",
}

@Book{Dubois96,
author =     {Dubois, D. and Prade, H.},
title =      {Fuzzy Sets and Systems},
year =       {1996},
publisher =  {Academic Press},
address =    {New York},
}

@Article{LinC06,
  title =	"A Self-organizing Quantum Neural Fuzzy Network and its
		 Applications",
  author =	"Cheng-Jian Lin and Cheng-Hung Chen",
  journal =	"Cybernetics and Systems",
  year = 	"2006",
  number =	"8",
  volume =	"37",
  bibdate =	"2008-02-06",
  pages =	"839--859",
 }


@Article{RIG07,
  title =	"Quantum wave-packts in fuzzy automata and neural assossiative memories",
  author =	"Gerasimus G. Rigatos",
  journal =	"International Journal of Modern Physics",
  year = 	"2007",
  number =	"10",
  volume =	"18",
  pages = "1551--1569",
  publisher = "World Scientific Publishing Company",
  }

@InCollection{Sousa07,
  author =	"Sousa and Ramos",
  title =	"Universal Quantum Circuit for n-Qubit Quantum Gate:
		 {A} Programmable Quantum Gate",
  booktitle =	"Quantum Information and Computation (not seen by me)",
  volume =	"7",
  year = 	"2007",
}


@Book{Ros04,
  author =	  "T. Ross",
  title =	  "Fuzzy Logic with Enginnering Apllications",
  publisher = "John Wiley e Sons ltda",
  address =   "England",
  year = 	  "2004",
}


@BOOK{Buckley2002,
  AUTHOR =       {J. Buckley and  E. Eslami},
  TITLE =        {Advances in Soft Computing: An Introduction to Fuzzy Logic and Fuzzy Sets},
  PUBLISHER =    {Physica-Verlag Heidelberg},
  YEAR =         {2002},
  address =      {New York},
  }

@Article{Kandel07,
  title =	"Special issue on advances in fuzzy logic",
  author =	"Abraham Kandel and Mark Last",
  journal =	"Inf. Sci",
  year = 	"2007",
  number =	"2",
  volume =	"177",
  bibdate =	"2006-12-21",
  bibsource =	"DBLP,
		 http://dblp.uni-trier.de/db/journals/isci/isci177.html#KandelL07",
  pages =	"329--331",
  URL =  	"http://dx.doi.org/10.1016/j.ins.2006.03.013",
}

@Book{Nguyen2006,
  author =	   "Hung T. Nguyen and Elbert A. Walker",
  title =	   "A First Course in Fuzzy Logic",
  publisher =  "CRC Press",
  year = 	   "2006",
  address =	   "New York",
}

@InProceedings{Mendel01a,
  title =	"Uncertain Rule-Based Fuzzy Logic Systems for Wireless Communications",
  author =	"Jerry M. Mendel",
  year = 	"2001",
  booktitle =	"FUZZY-IEEE",
}

@Article{Mendel00,
  title =	"Uncertainty, fuzzy logic, and signal processing",
  author =	"Jerry M. Mendel",
  journal =	"Signal Processing",
  year = 	"2000",
  number =	"6",
  volume =	"80",
  }

@ARTICLE{Mitra2005,
  AUTHOR =       "S. Mitra and S. K. Pal",
  TITLE =        "Fuzzy Sets in Pattern Recognition and Machine Intelligence",
  JOURNAL =      "Fuzzy Sets and Systems",
  YEAR =         "2005",
  volume =       "156",
  number =       "3",
  pages =        "381--386",
}

@Book{Aerts93,
  author =	   "Aerts, D. and Durt, T. and Van Bogaert, B.",
  title =	   "A physical example of quantum fuzzy sets and the classical limit",
  journal =  "Tatra Mt. Math. Publ.",
  number =	"1",
  year = 	"1993",
  pages =	"5--15"}

@Book{Shang04,
  author =	   "Shang Yun and Li Yongming and and Chen Maoyin",
  title =	   "Constructions of Some Quantum Structures and Fuzzy Effect Space",
  journal =  "International Journal of Theoretical Physics",
  publisher = "Springer Science",
  volume = "43",
  number = "5",
  year = 	   "2004",
  address =	   "New York",
}

@Book{Klir2005,
  author =	"George J. Klir",
  title =	"Uncertainty and information: Foundations of Generalized Information theory",
  publisher =	"Wilwy-Interscience ",
  year = 	"2005",
}

@Book{Klir1988,
  author =	"George J. Klir",
  year = 	"1988",
  title =	"Fuzzy sets, uncertainty, and information",
  publisher =	"Prentice-Hall",
  note = 	"Harold Cohen Library Liverpool",
}


@Book{Klir1995,
  author =	"Georg J. Klir and B. Yuan",
  title =	"Fuzzy Sets and Fuzzy Logic; Theory and Applications",
  publisher =	"Prentice Hall",
  address =	"Upper Saddle River, N. Y.",
  year = 	"1995",
  ISBN = 	"0-13-101171-5",
  descriptor =	"Fuzzy Logik, Fuzzy Set",
}

@Book{klir88,
  author =	"G. J. Klir and T. A. Folger",
  title =	"Fuzzy sets, uncertainty, and information",
  publisher =	"Prentice-Hall",
  year = 	"1988",
}

@BOOK{Jafelice05,
  AUTHOR =       {R. S. M. Jafelice and L. C. de Barros and R. C. Bassanezi},
  TITLE =        {Teoria dos Conjuntos Fuzzy com Aplicações},
  PUBLISHER =    {Sociedade Brasileira de Matemática Aplicada e Computacional},
  YEAR =         {2005},
  address =      {São Carlos, SP},
  volume =       {1},
  edition =      {1},
}

@BOOK{Sivanandam07,
  AUTHOR =       {S. N. Sivanandam and S. Sumathi and S. N. Deepa},
  TITLE =        {Introduction to Fuzzy Logic using MATLAB},
  PUBLISHER =    {Springer-Verlag},
  YEAR =         {2007},
  address =      {Berlin}
}

@BOOK{Dubois2000,
  AUTHOR =       {D. Dubois and W. Ostasiewicz and H. Prade},
  TITLE =        {Fuzzy Sets: History and Basic Notions},
  PUBLISHER =    {Springer},
  YEAR =         {2000},
  address =      {Berlin}
}





@BOOK{Altrock,
  AUTHOR =       {Altrock, C. V.},
  TITLE =        {Fuzzy logic and NeuroFuzzy Applications in Business and Finance},
  PUBLISHER =    {USA},
  YEAR =         {1996},
}






@Article{Ishikawa97,
  author =	"S. Ishikawa",
  title =	"A quantum mechanical approach to a fuzzy theory",
  journal =	"Fuzzy Sets and Systems",
  volume =	"90",
  number =	"3",
  year = 	"1997",
  pages =	"277--306",
}

@Article{Dvurecenskij99,
  author =	"A. Dvurecenskij",
  title =	"Fuzzy set representations of some quantum structures",
  journal =	"Fuzzy Sets and Systems",
  volume =	"101",
  number =	"1",
  year = 	"1999",
  pages =	"67--78",
}

@Article{Gudder05,
  author =	"S. Gudder",
  title =	"Non-disturbance for fuzzy quantum measurements",
  journal =	"Fuzzy Sets and Systems",
  volume =	"155",
  number =	"1",
  year = 	"2005",
  pages =	"18--25",
}

@Article{Rigatos07,
  author =	"G.G. Rigatos",
  title =	"Quantum wave\-packets in fuzzy automata and neural associative memories",
  journal =	"International Journal of Modern Physics",
  publisher = "World Scientific Publishing Company",
  volume =	"18",
  number =	"10",
  year = "2006",
  pages =	"1551--1569"
}

@Article{Rigatos06,
  author =	"G.G. Rigatos and S.G. Tzafestas",
  title =	"Quantum learning for neural associative memories",
  journal =	"Fuzzy Sets and Systems",
  volume =	"157",
  number =	"13",
  year = 	"2006",
  pages =	"1797--1813",
}

@Article{Cattaneo08,
  author =	"G. Cattaneo and A. Leporati and R. Leporini",
  title =	"Quantum learning for neural associative memories",
  journal =	"Fuzzy Sets and Systems",
  volume =	"159",
  number =	"9",
  year = 	"2008",
  pages =	"1001--1030",
}



@inproceedings{ahmed04,
 author = "Ahmed Usman Khalid and Zeljko Zilic and Katarzyna Radecka",
 title = "FPGA Emulation of Quantum Circuits",
 booktitle = "ICCD '04: Proceedings of the IEEE International Conference on Computer Design",
 year = "2004",
 isbn = "0-7695-2231-9",
 pages = "310--315",
 publisher = "IEEE Computer Society",
 address = "Washington, DC, USA",
 }
@article{akila08,
 author = {Gothandaraman, Akila and Peterson, Gregory D. and Warren, G. L. and Hinde, Robert J. and Harrison, Robert J.},
 title = {FPGA acceleration of a quantum Monte Carlo application},
 journal = {Parallel Comput.},
 volume = {34},
 number = {4-5},
 year = {2008},
 issn = {0167-8191},
 pages = {278--291},
 doi = {http://dx.doi.org/10.1016/j.parco.2008.01.009},
 publisher = {Elsevier Science Publishers B. V.},
 address = {Amsterdam, The Netherlands, The Netherlands},
 }

@book{altera,
    author={Altera},
    title={Quartus II Version 7.2 Handbook},
    publisher={Altera Inc.},
    year={2007},
    volume={I}
}


@InProceedings{Aminian08,
  title =	"{FPGA}-Based Circuit Model Emulation of Quantum
		 Algorithms",
  author =	"Mahdi Aminian and Mehdi Saeedi and Morteza Saheb
		 Zamani and Mehdi Sedighi",
  publisher =	"IEEE Computer Society",
  year = 	"2008",
  bibdate =	"2008-12-09",
  bibsource =	"DBLP,
		 http://dblp.uni-trier.de/db/conf/isvlsi/isvlsi2008.html#AminianSZS08",
  booktitle =	"ISVLSI",
  crossref =	"Aminian08",
  pages =	"399--404",
}


@InCollection{Bacon05,
  author =  "Bacon",
  title =   "review of Benenti \& Casati \& Strini, Principles of
         Quantum Computation and Information Volume 1: Basic
         Concepts (World Scientific, 2004)",
  booktitle =   "Quantum Information and Computation (not seen by me)",
  volume =  "5",
  year =    "2005",
}

@Misc{bha01,
  title =   "Implementation of quantum search algorithm using classical Fourier optics",
  author =  "N. Bhattacharya and H. B. van Linden van den Heuvell
         and R. J. C. Spreeuw",
  year =    "2001",
  volume =  "88",
  identifier =  "Phys. Rev. Lett. 88, 137901 (2002)",
  }

@InProceedings{barbosa07,
  title =	"Symbolic and numeric quantum circuit simulation",
  author =	"Alexandre de A. Barbosa and Bernardo Lula Jr. and
		 Aercio Ferreira de Lima",
  publisher =	"IEEE Computer Society",
  year = 	"2007",
  bibdate =	"2008-02-12",
  bibsource =	"DBLP,
		 http://dblp.uni-trier.de/db/conf/icqnm/icqnm2007.html#BarbosaLL07",
  booktitle =	"ICQNM",
  pages =	"6",
  URL =  	"http://dx.doi.org/10.1109/ICQNM.2007.20",
}

@INPROCEEDINGS{BB84,
  AUTHOR = {Charles H. Bennett and Gilles Brassard},
  TITLE = {Quantum cryptography: Public key distribution and coin tossing},
  BOOKTITLE = {Proceedings of the IEEE International Conference on Computers,
             Systems, and Signal Processing},
  PAGES = {175--179},
  YEAR = {1984},
}

@Misc{brassard98teleportation,
  title =	"Teleportation as a quantum computation",
  author =	"Gilles Brassard",
  year = 	"1996",
  month =	"may",
  volume =	"D120",
  bibsource =	"OAI-PMH server at export.arxiv.org",
  identifier =	"Physica D120 (1998) 43-47",
  oai =  	"oai:arXiv.org:quant-ph/9605035",
  pages =	"43--47",
  subject =	"Quantum Physics",
  URL =  	"(dispon\'\i vel por http://arxiv.org/abs/quant-ph/9605035) (jun.2009)"
}
@Article{benioff80,
  author =       "P. Benioff",
  title =        "The computer as a physical system: A microscopic quantum mechanical Hamiltonian model of computers as represented by Turing machines",
  journal =      "Stat. Phys.",
  volume =       "5",
  pages =        "563-591",
  year =         "1980",
}
@article{bennett91experimental,
    author = "Charles H. Bennett and Fran{\c{c}}ois Bessette and Gilles Brassard and Louis Salvail and John Smolin",
    title = "Experimental Quantum Cryptography",
    journal = "Journal of Cryptology",
    volume = "5",
    pages = "3--28",
    year = "1992",
    number = "1",
    url = "citeseer.ist.psu.edu/bennett92experimental.html",
}

@misc{bishop,
    author = {David Bishop},
    title= {Floating point package user's guide},
    year = {2007},
    note = {(dispon\'\i vel por WWW em http://www.eda-stds.org/vhdl-200x/vhdl-200x-ft/packages\_old/Float\_ug.pdf) (jun.2009)}
}

@Book{chuang00a,
 author =       "Michael A. Nielsen and Isaac L. Chuang",
 title =        "Quantum Computation and Quantum Information",
 publisher =    "Cambridge University Press",
 year =         "2000"
}

@MISC{Cirac95,
  author = "J. I. Cirac and P. Zoller",
  title = "Quantum Computation with cold trapped ions",
  howpublished = "PHYSICAL REVIEW LETTERS",
  volume = "74",
  number = "20",
  year = "1995"
}

@MISC{Cleve97,
  author = "R. Cleve and A. Ekert and C. Macchiavello and M. Mosca",
  title = "Quantum Algorithms Revisited",
  howpublished = "arXiv:quant-ph/9708016v1",
  year = "1997"
}

@TECHREPORT{Cory04:rmn,
  AUTHOR =       "David Cory",
  TITLE =        "Nuclear Magnetic Resonance Approaches to Quantum Information Processing and Quantum Computing",
  YEAR =         "2004",
  type =         "Produced for the Advanced Research and Development Activity (ARDA) - Operated by the University of California for the National Nuclear Security Administration, of the US Department of Energy.",
  source =       "http://qist.lanl.gov/"
}
@Book{Cormen,
  author =	"T. Cormen and C. Leiserson and R. Rivest",
  title =	"Introduction to Algorithms",
  publisher =	"{MIT} Press",
  year = 	"1990",
}
@misc{csl,
 author = "Koch, P.",
 title =  "C Scripting Language",
  year = "2002",
 publisher = "Reference Manual V. 4.4.0",
 note = "(dispon\'\i vel por WWW em http://csl.sourceforge.net/csldoc/index.htm) (jun.2009)"

}
%%%%%%%%%%%%%%%%%%%%%%%%% D %%%%%%%%%%%%%%%%%%%%%%%%%%%%%%%%%%%%%%%%%%%%%%%%%%


@Article{Deutsch85,
  author =  "Deutsch",
  title =   "Quantum Theory, the Church-Turing Principle and the
         Universal Quantum Computer",
  journal = "PRSLA: Proc. R. Soc. Lond. A",
  volume =  "400",
  pages =   "97--117",
  year =    "1985",
}

@inproceedings{Deutsch89,
    author = "D. Deutsch",
    title = "Quantum computational network",
    booktitle = "Royal Society London A.",
    pages = "73-70",
    year = "1989"
}

@inproceedings{Deutsch92,
    author = "D. Deutsch and R. Joska",
    title = "Rapid solution of problems by quantum computation",
    booktitle = "Royal Society London A.",
    pages = "553-558",
    year = "1992"
}
@Article{Deutsch01,
  title =   "Concepts of Quantum Computation",
  author =  "David Deutsch and Artur Ekert and Richard Jozsa",
  journal = "The Physics of Quantum Information",
  year =    "2001",
  number =  "[S.l.]",
  volume =  "Springer-Verlag",
  pages =   "93--130",
}
@Article{deutsch/ekert/jozsa,
  title =	"Concepts of Quantum Computation",
  author =	"David Deutsch and Artur Ekert and Richard Jozsa",
  journal =	"The Physics of Quantum Information",
  year = 	"2001",
  number =	"[S.l.]",
  volume =	"Springer-Verlag",
  pages =	"93--130",
}




%%%%%%%%%%%%%%%%%%%%%%%%%%%%%%%%%%% E %%%%%%%%%%%%%%%%%%%%%%%%%%%%%%%%%%%%%%%%%%%%%%%%%%
@misc{eck00,
	author = "Matthias Eck and Pawel Wocjan and Robert Zeier",
	title = "QuaSi - Quantum Circuit Simulator",
	year = "2000",
	institute = "Universtiy of Karlsruhe",
	note =   "(dispon\'\i vel por WWW em http://iaks-www.ira.uka.de/QIV/QuaSi/aboutquasi.html) (jun.2009)"
}
@article{Feymann82,
    title="Simulating Physics with Computers",
    author="R. P. Feymann",
    journal="Journal of Theory Physics",
    number="21",
    pages="467--488",
    year="1982"
}


@BOOK{fpga2,
title 	=	{The Design Warrior's Guide to {FPGAs}},
publisher=	{Elsevier},
year 	=	{2004},
author 	=	{C. Maxfield},
isbn 	=	{0-7506-7604-3}
}
@misc{figuraFPGA,
author = "Hand Gesture Recognition",
title = "Hand Gesture Recognition",
year = "2009",
address = "California",
publisher = "California Institute of Technology - Computation \& Neural Systems",
note = "(dispon\'\i vel por WWW em http://www.vision.caltech.edu/CNS248/Fpga/fpga1a.gif) (jun.2009)"
}

 @Misc{franson02,
  title =   "High-fidelity quantum logic operations using linear
         optical elements",
  author =  "J. D. Franson and M. M. Donegan and M. J. Fitch and B. C. Jacobs and T. B. Pittman",
  year =    "2002",
  volume =  "89",
  identifier =  "Physical Review Letters 89, 137901 (2002)",
  }

@Article{gisin02,
  title =   "Quantum cryptography",
  author =  "Nicolas Gisin and Gr{\'e}goire Ribordy and Wolfgang Tittel and Hugo Zbinden",
  journal = "Reviews of Modern Physics",
  year =    "2002",
  number =  "74",
  pages =   "145--195",
  }


@Article{grover96b,
  author =  "Lov K. Grover",
  title =   "Quantum mechanics helps in searching for a needle in a
         haystack",
  journal = "Physical Review Letters",
  volume =  "79",
  number =  "2",
  year =    "1997",
}

@InProceedings{grover96,
  title =	"A Fast Quantum Mechanical Algorithm for Database
		 Search",
  author =	"Lov K. Grover",
  year = 	"1996",
  bibdate =	"2002-12-18",
  bibsource =	"DBLP,
		 http://dblp.uni-trier.de/db/conf/stoc/stoc1996.html#Grover96",
  booktitle =	"STOC",
  pages =	"212--219",
  note =   	"(dispon\'\i vel por WWW http://doi.acm.org/10.1145/237814.237866) (jun.2009)"
}
@misc{husemann,
   author = "Ronaldo Husemann",
   title = "Apostila de VHDL",
   year = "2007"
}
@article{igor06,
    author = {V. V. Shende and S. S. Bullock and I. Markov},
    title = {Synthesis of Quantum Logic Circuits},
    journal = {IEEE Transactions on Computer-Aided Design},
    volume = {25},
    number = {6},
    pages = {1000-1010},
    month = {June},
    year = {2006},
    note =   {(dispon\'\i vel por WWW http://www.gigascale.org/pubs/884.html) (jun.2009)}
}



@BOOK{Kaye07,
  AUTHOR =       {P. Kaye and R. Laflamme and M. Mosca},
  TITLE =        {An Introduction to Quantum Computing},
  PUBLISHER =    {Oxford University Press},
  YEAR =         {2007}
}